@Article{DDG12,
author="Dereudre, David
and Drouilhet, Remy
and Georgii, Hans-Otto",
title="Existence of Gibbsian point processes with geometry-dependent interactions",
journal="Probability Theory and Related Fields",
year="2012",
month="Aug",
day="01",
volume="153",
number="3",
pages="643--670",
abstract="We establish the existence of stationary Gibbsian point processes for interactions that act on hyperedges between the points. For example, such interactions can depend on Delaunay edges or triangles, cliques of Voronoi cells or clusters of k-nearest neighbors. The classical case of pair interactions is also included. The basic tools are an entropy bound and stationarity.",
issn="1432-2064",
doi="10.1007/s00440-011-0356-5",
url="https://doi.org/10.1007/s00440-011-0356-5"
}


@article{Joe91,
 author = {Joe, Barry},
 title = {Construction of Three-dimensional Delaunay Triangulations Using Local Transformations},
 journal = {Comput. Aided Geom. Des.},
 issue_date = {May 1991},
 volume = {8},
 number = {2},
 month = may,
 year = {1991},
 issn = {0167-8396},
 pages = {123--142},
 numpages = {20},
 url = {http://dx.doi.org/10.1016/0167-8396(91)90038-D},
 doi = {10.1016/0167-8396(91)90038-D},
 acmid = {116116},
 publisher = {Elsevier Science Publishers B. V.},
 address = {Amsterdam, The Netherlands, The Netherlands},
 keywords = {3-D triangulation, Delaunay triangulation, Voronoi tessellation, computational geometry, mesh generation},
} 


@InProceedings{3dGraph,
author="Cohen, Robert F.
and Eades, Peter
and Lin, Tao
and Ruskey, Frank",
editor="Tamassia, Roberto
and Tollis, Ioannis G.",
title="Three-dimensional graph drawing",
booktitle="Graph Drawing",
year="1995",
publisher="Springer Berlin Heidelberg",
address="Berlin, Heidelberg",
pages="1--11",
abstract="Graph drawing research has been mostly oriented toward two-dimensional drawings. This paper describes an investigation of fundamental aspects of three-dimensional graph drawing. In particular we give three results concerning the space required for three-dimensional drawings.",
isbn="978-3-540-49155-2"
}


@article{Lawson72,
 author = {Lawson, Charles L.},
 title = {Transforming Triangulations},
 journal = {Discrete Math.},
 issue_date = {January, 1972},
 volume = {3},
 number = {4},
 month = jan,
 year = {1972},
 issn = {0012-365X},
 pages = {365--372},
 numpages = {8},
 url = {http://dx.doi.org/10.1016/0012-365X(72)90093-3},
 doi = {10.1016/0012-365X(72)90093-3},
 acmid = {2624159},
 publisher = {Elsevier Science Publishers B. V.},
 address = {Amsterdam, The Netherlands, The Netherlands},
} 


@article{Dwyer93,
title = "The expected number of k-faces of a Voronoi diagram",
journal = "Computers and Mathematics with Applications",
volume = "26",
number = "5",
pages = "13 - 19",
year = "1993",
issn = "0898-1221",
doi = "https://doi.org/10.1016/0898-1221(93)90068-7",
url = "http://www.sciencedirect.com/science/article/pii/0898122193900687",
author = "R.A. Dwyer",
abstract = "The asymptotic behavior of the expected number of faces of all dimensions of the Voronoi diagram of n independent, uniformly distributed sites in Rd is investigated. It is shown that, when k and d are fixed and n grows without bound, the expected number of k-dimensional faces grows as Ck,dn. Further, for fixed k as d grows without bound, there exist constants ak such that Ck,d = O(adk). Numerical estimates of Ck,d are given for small values of k and d.
Zusammenfassung
Untersucht wird der asymptotische Verhalten der Erwartungszahl der Seiten aller Dimensionen des von n unabhängigen in Rd gleichverteilten Punkten gebildeten Voronoi-Diagramms. Für beliebige k und d und grenzlos ansteigendes n wird bewiesen, daß die Erwartungszahl der k-dimensionellen Seiten wie Ck,dn ansteigt. Ferner, für beliebiges k und grenzlos ansteigendes d gibt es solche Konstante ak, daß Ck,d = O(adk). Für kleine Werte von k und d werden numerische Schätzungen von Ck,d gegeben."
}


@inproceedings{Amenta07,
 author = {Amenta, Nina and Attali, Dominique and Devillers, Olivier},
 title = {Complexity of Delaunay Triangulation for Points on Lower-dimensional Polyhedra},
 booktitle = {Proceedings of the Eighteenth Annual ACM-SIAM Symposium on Discrete Algorithms},
 series = {SODA '07},
 year = {2007},
 isbn = {978-0-898716-24-5},
 location = {New Orleans, Louisiana},
 pages = {1106--1113},
 numpages = {8},
 url = {http://dl.acm.org/citation.cfm?id=1283383.1283502},
 acmid = {1283502},
 publisher = {Society for Industrial and Applied Mathematics},
 address = {Philadelphia, PA, USA},
} 


@article{Erickson05,
 author = {Erickson, Jeff},
 title = {Dense Point Sets Have Sparse Delaunay Triangulations or "... But Not Too Nasty"},
 journal = {Discrete Comput. Geom.},
 issue_date = {January   2005},
 volume = {33},
 number = {1},
 month = jan,
 year = {2005},
 issn = {0179-5376},
 pages = {83--115},
 numpages = {33},
 url = {https://doi.org/10.1007/s00454-004-1089-3},
 doi = {10.1007/s00454-004-1089-3},
 acmid = {3115691},
 publisher = {Springer-Verlag New York, Inc.},
 address = {Secaucus, NJ, USA},
} 


@inproceedings{Erickson01,
 author = {Erickson, Jeff},
 title = {Nice Point Sets Can Have Nasty Delaunay Triangulations},
 booktitle = {Proceedings of the Seventeenth Annual Symposium on Computational Geometry},
 series = {SCG '01},
 year = {2001},
 isbn = {1-58113-357-X},
 location = {Medford, Massachusetts, USA},
 pages = {96--105},
 numpages = {10},
 url = {http://doi.acm.org/10.1145/378583.378636},
 doi = {10.1145/378583.378636},
 acmid = {378636},
 publisher = {ACM},
 address = {New York, NY, USA},
 keywords = {Delaunay triangulation, lower bounds, sample, sample measure, spread, surface reconstruction},
} 


@article{Cayley1841,
author = {Cayley, A.},
journal = {Cambridge Math},
pages = {267-271},
title = {On a theorem in the geometry of positions},
volume = {2},
year = {1841},
}

@article{Menger28,
author = {Menger, K.},
journal = {Mathematische Annalen},
pages = {120,133},
title = {Untersuchungen uber allgemeine Metrik},
url = {http://eudml.org/doc/159284},
volume = {100},
year = {1928},
}


@Book{ Uspensky48,
author = { Uspensky, J. V. },
title = { Theory of equations / J.V. Uspensky },
publisher = { McGraw-Hill New York },
pages = { 247-256},
year = { 1948 },
type = { Book },
language = { English },
subjects = { Equations, Theory of. },
life-dates = { 1948 -  },
catalogue-url = { https://nla.gov.au/nla.cat-vn2167726 },
}




@article{Lagarias12,
	doi = {10.1090/noti918},
	year = 2012,
	month = {dec},
	publisher = {American Mathematical Society ({AMS})},
	volume = {59},
	number = {11},
	pages = {1392},
	author = {Jeffrey C. Lagarias and Chuanming Zong},
	title = {Mysteries in Packing Regular Tetrahedra},
	journal = {Notices of the American Mathematical Society}
}


@article{Gabbrielli12,
  title = {Families of tessellations of space by elementary polyhedra via retessellations of face-centered-cubic and related tilings},
  author = {Gabbrielli, Ruggero and Jiao, Yang and Torquato, Salvatore},
  journal = {Phys. Rev. E},
  volume = {86},
  issue = {4},
  pages = {041141},
  numpages = {11},
  year = {2012},
  month = {Oct},
  publisher = {American Physical Society},
  doi = {10.1103/PhysRevE.86.041141},
  url = {https://link.aps.org/doi/10.1103/PhysRevE.86.041141}
}



@article{RCSR,
author = {O'Keeffe, Michael and Peskov, Maxim A. and Ramsden, Stuart J. and Yaghi, Omar M.},
title = {The Reticular Chemistry Structure Resource (RCSR) Database of, and Symbols for, Crystal Nets},
journal = {Accounts of Chemical Research},
volume = {41},
number = {12},
pages = {1782-1789},
year = {2008},
doi = {10.1021/ar800124u},
    note ={PMID: 18834152},

URL = { 
        https://doi.org/10.1021/ar800124u
    
},
eprint = { 
        https://doi.org/10.1021/ar800124u
    
}

}
